@misc{nyt2012,
  title={Facing a Robo-Grader? Just Keep Obfuscating Mellifluously},
  howpublished={\url{https://www.nytimes.com/2012/04/23/education/robo-readers-used-to-grade-test-essays.html}, The New York Times},
  note={Last visit on May 2nd, 2020},
  year={2012},
  author={Michael Winerip}
}

@article{page1966imminence,
  title={The imminence of... grading essays by computer},
  author={Page, Ellis B},
  journal={The Phi Delta Kappan},
  volume={47},
  number={5},
  pages={238--243},
  year={1966},
  publisher={JSTOR}
}

@article{attali2004automated,
  title={Automated essay scoring with e-rater{\textregistered} v. 2.0},
  author={Attali, Yigal and Burstein, Jill},
  journal={ETS Research Report Series},
  volume={2004},
  number={2},
  pages={i--21},
  year={2004},
  publisher={Wiley Online Library}
}
@article{rudner2002automated,
  title={Automated essay scoring using Bayes' theorem},
  author={Rudner, Lawrence M and Liang, Tahung},
  journal={The Journal of Technology, Learning and Assessment},
  volume={1},
  number={2},
  year={2002}
}


@article{murray2012automatic,
  title={Automatic essay scoring},
  author={Murray, Kenton W and Orii, Naoki},
  journal={IEICE Transactions on Information and Systems},
  year = "2012"
}

@article{kim2014convolutional,
  title={Convolutional neural networks for sentence classification},
  author={Kim, Yoon},
  journal={arXiv preprint arXiv:1408.5882},
  year={2014}
}
@inproceedings{taghipour2016neural,
  title={A neural approach to automated essay scoring},
  author={Taghipour, Kaveh and Ng, Hwee Tou},
  booktitle={Proceedings of the 2016 conference on empirical methods in natural language processing},
  pages={1882--1891},
  year={2016}
}


@inproceedings{pennington2014glove,
    title = "{G}love: Global Vectors for Word Representation",
    author = "Pennington, Jeffrey  and
      Socher, Richard  and
      Manning, Christopher",
    booktitle = "Proceedings of the 2014 Conference on Empirical Methods in Natural Language Processing ({EMNLP})",
    month = oct,
    year = "2014",
    address = "Doha, Qatar",
    publisher = "Association for Computational Linguistics",
    url = "https://www.aclweb.org/anthology/D14-1162",
    doi = "10.3115/v1/D14-1162",
    pages = "1532--1543",
}

@article{mikolov2013efficient,
  title={Efficient estimation of word representations in vector space},
  author={Mikolov, Tomas and Chen, Kai and Corrado, Greg and Dean, Jeffrey},
  journal={arXiv preprint arXiv:1301.3781},
  year={2013}
}

@MISC{kaggle,
	HOWPUBLISHED = "\url{https://www.kaggle.com/c/asap-aes/}",
	TITLE = "The Hewlett Foundation: Automated Essay Scoring",
	NOTE = "Accessed on April 30th"
}

@misc{nguyen2018neural,
  title={Neural networks for automated essay grading},
  author={Nguyen, Huyen and Dery, Lucio},
  year={2018}
}
@article{song2013automated,
  title={Automated essay scoring using machine learning},
  author={Song, Shihui and Zhao, Jason},
  journal={Stanford University},
  year={2013}
}
@misc{turanga,
  title={Automatic student essay assessment},
  author={Jeffery Nicolich},
  howpublished={\url{https://github.com/Turanga1/Automated-Essay-Scoring/blob/master/Automatic%20Student%20Essay%20Assessment.pdf}},
  note={Last visited on May 2nd, 2020}
}
@misc{chanakya,
  title={Automatic essay grading using machine learning},
  author={Manvi Mahana, Mishel Johns, Ashwin Apte},
  howpublished={\url{https://github.com/m-chanakya/AutoEssayGrading/blob/master/papers/paper1.pdf}},
  note={Last visited on May 2nd, 2020}
}